
@misc{Python,
	title={Python 3.6.7},
	author={Python Software Foundation},
	year={2008},
	url = "http://www.python.org"
}


@misc{GitHub,
  author = {GitHub, Inc.},
  title = {Open Source Survey},
  year = {2017},
  publisher = {GitHub},
  journal = {GitHub repository},
  url = "https://github.com/github/open-source-survey"
}

@misc{PycxSimulator,
	title={PycxSimulator},
	author={Chun Wong},
	year={2012},
	url = "http://pycx.sourceforge.net/"
}


@misc{Tableau,
	title="Tableau Software",
	year="2013",
	url = "https://www.tableau.com"
}

 @misc{ AgenteIntelligente,
   author = "Wikipedia",
   title = "Agente intelligente --- Wikipedia{,} L'enciclopedia libera",
   year = "2019",
   url = "http://it.wikipedia.org/w/index.php?title=Agente_intelligente&oldid=102732262",
 }
 
  @misc{ SistemaMultiagente,
   author = "Wikipedia",
   title = "Sistema multiagente --- Wikipedia{,} L'enciclopedia libera",
   year = "2018",
   url = "http://it.wikipedia.org/w/index.php?title=Sistema_multiagente&oldid=101435238",
 }
 
 @misc{ CaratteristicheMAS,
 	 author = "Wooldridge, Michael",
 	 title = "An Introduction to MultiAgent Systems.",
 	 year = "(2002).",
 	 note = "ISBN 978-0-471-49691-5"
}
 @misc{ EvaluationAGVS,
 	 author = "Sigal Berman, Edna Schechtman, Yael Edan",
 	 title = "Evaluation of automatic guided vehicle systems.",
 	 year = "(2006).",
 	 note = "Contents lists available at ScienceDirect"
}

 @misc{ MAS_Warehouse,
 	 author = "Massimo Cossentino - Carmelo Lodato - Salvatore Lopes - Patrizia Ribino",
 	 title = "Multi Agent Simulation for Decision Making in Warehouse Management.",
 	 year = "(2006).",
 	 where = "ICAR Institute, National Research Council of Italy, Palermo, Italy",
 	 note = "ISBN 978-83-60810-39-2978-83-"
}


 @misc{ SistemaComplesso,
   author = "Wikipedia",
   title = "Sistema complesso --- Wikipedia{,} L'enciclopedia libera",
   year = "2018",
   url = "http://it.wikipedia.org/w/index.php?title=Sistema_complesso&oldid=101435250",
 } 
